<record><leader>00000cas a2200000 a 4500</leader><controlfield tag="001">44513894</controlfield><controlfield tag="007">hd afv---bacp</controlfield><controlfield tag="007">hd bfv---baap</controlfield><controlfield tag="007">hd bfv---babp</controlfield><controlfield tag="008">000630d198319uufluer nea     0   a0eng c</controlfield><datafield ind1=" " ind2=" " tag="010"><subfield code="a">sn 00229542 </subfield></datafield><datafield ind1=" " ind2=" " tag="040"><subfield code="a">FUG</subfield><subfield code="b">eng</subfield><subfield code="c">FUG</subfield><subfield code="d">OCLCQ</subfield><subfield code="d">OCLCF</subfield><subfield code="d">OCLCO</subfield></datafield><datafield ind1=" " ind2=" " tag="012"><subfield code="i">0006</subfield></datafield><datafield ind1="1" ind2=" " tag="029"><subfield code="a">AU@</subfield><subfield code="b">000021635172</subfield></datafield><datafield ind1=" " ind2=" " tag="037"><subfield code="b">George A. Smathers Libraries, University of Florida, Preservation Office, Gainesville, FL 32611</subfield></datafield><datafield ind1=" " ind2=" " tag="042"><subfield code="a">pcc</subfield></datafield><datafield ind1=" " ind2=" " tag="043"><subfield code="a">n-us-fl</subfield></datafield><datafield ind1="0" ind2="4" tag="245"><subfield code="a">The Jewish Floridian of South Broward</subfield><subfield code="h">[microform].</subfield></datafield><datafield ind1="3" ind2="0" tag="246"><subfield code="a">Jewish Floridian</subfield></datafield><datafield ind1="1" ind2="7" tag="246"><subfield code="a">Jewish Floridian and Shofar of Greater Hollywood</subfield><subfield code="f">Nov. 11, 1983</subfield></datafield><datafield ind1="1" ind2="7" tag="246"><subfield code="a">Jewish Floridian of South Broward-Hollywood</subfield></datafield><datafield ind1=" " ind2=" " tag="260"><subfield code="a">Hollywood, Fla. :</subfield><subfield code="b">Fred Shochet</subfield></datafield><datafield ind1=" " ind2=" " tag="310"><subfield code="a">Biweekly</subfield></datafield><datafield ind1="0" ind2=" " tag="362"><subfield code="a">Vol. 13, no. 23 (Nov. 11, 1983)-</subfield></datafield><datafield ind1=" " ind2=" " tag="500"><subfield code="a">The Apr. 20, 1990 issue of The Jewish Floridian of South County is bound in and filmed with v. 20 of The Jewish Floridian of South Broward.</subfield></datafield><datafield ind1=" " ind2=" " tag="500"><subfield code="a">Title from caption.</subfield></datafield><datafield ind1=" " ind2=" " tag="515"><subfield code="a">Issue for July 7, 1989 called no. 11 but constitutes no. 13.</subfield></datafield><datafield ind1=" " ind2=" " tag="515"><subfield code="a">Numbering in masthead and publisher's statement conflict: Aug. 4, 1989 called no. 14 in masthead and no. 15 in publisher's statement.</subfield></datafield><datafield ind1=" " ind2=" " tag="588"><subfield code="a">Latest issue consulted: Vol. 20, no. 13 (June 22, 1990).</subfield></datafield><datafield ind1=" " ind2=" " tag="533"><subfield code="a">Microfilm.</subfield><subfield code="m">v.13:no. 23-v.20:no. 13 (Nov. 11, 1983-June 22, 1990):[Gaps]</subfield><subfield code="b">Gainesville, FL :</subfield><subfield code="c">George A. Smathers Libraries, University of Florida,</subfield><subfield code="d">2000.</subfield><subfield code="e">3 microfilm reels ; 35 mm.</subfield></datafield><datafield ind1=" " ind2=" " tag="539"><subfield code="a">d</subfield><subfield code="b">1983</subfield><subfield code="c">1990</subfield><subfield code="d">flu</subfield><subfield code="e">u</subfield><subfield code="f">u</subfield><subfield code="g">a</subfield></datafield><datafield ind1=" " ind2="0" tag="650"><subfield code="a">Jewish newspapers</subfield><subfield code="z">Florida.</subfield></datafield><datafield ind1=" " ind2="0" tag="651"><subfield code="a">Hollywood (Fla.)</subfield><subfield code="v">Newspapers.</subfield></datafield><datafield ind1=" " ind2="0" tag="651"><subfield code="a">Broward County (Fla.)</subfield><subfield code="v">Newspapers.</subfield></datafield><datafield ind1=" " ind2="7" tag="655"><subfield code="a">Newspapers.</subfield><subfield code="2">fast</subfield><subfield code="0">(OCoLC)fst01423814</subfield></datafield><datafield ind1=" " ind2="7" tag="650"><subfield code="a">Jewish newspapers.</subfield><subfield code="2">fast</subfield><subfield code="0">(OCoLC)fst00982872</subfield></datafield><datafield ind1=" " ind2="7" tag="651"><subfield code="a">Florida.</subfield><subfield code="2">fast</subfield><subfield code="0">(OCoLC)fst01205150</subfield></datafield><datafield ind1=" " ind2="7" tag="651"><subfield code="a">Florida</subfield><subfield code="z">Broward County.</subfield><subfield code="2">fast</subfield><subfield code="0">(OCoLC)fst01202766</subfield></datafield><datafield ind1=" " ind2="7" tag="651"><subfield code="a">Florida</subfield><subfield code="z">Hollywood.</subfield><subfield code="2">fast</subfield><subfield code="0">(OCoLC)fst01207026</subfield></datafield><datafield ind1="0" ind2=" " tag="740"><subfield code="a">Jewish Floridian of South County</subfield><subfield code="n">v. 20, no. 8 (Apr. 20, 1990)</subfield></datafield><datafield ind1=" " ind2=" " tag="752"><subfield code="a">United States</subfield><subfield code="b">Florida</subfield><subfield code="c">Broward</subfield><subfield code="d">Hollywood.</subfield></datafield><datafield ind1="0" ind2=" " tag="775"><subfield code="t">Jewish Floridian</subfield><subfield code="h">[microform]</subfield><subfield code="w">(DLC)sn 96027667</subfield><subfield code="w">(OCoLC)35317254</subfield></datafield><datafield ind1="1" ind2=" " tag="776"><subfield code="c">Original</subfield><subfield code="w">(DLC)sn 84007836</subfield><subfield code="w">(OCoLC)10261932</subfield></datafield><datafield ind1="0" ind2="0" tag="780"><subfield code="t">Jewish Floridian and Shofar of Greater Hollywood</subfield><subfield code="h">[microform]</subfield><subfield code="w">(DLC)sn 00229541</subfield><subfield code="w">(OCoLC)44512277</subfield></datafield><datafield ind1=" " ind2=" " tag="850"><subfield code="a">FU</subfield><subfield code="a">FU (master)</subfield></datafield></record>